@book{sample,
 author = "著者名",
 title = "書籍タイトル名",
 publisher = "出版社名",
 year = "2000" }
@inproceedings{baba,
author = {Baba, Tetsuaki and Tomimatsu, Kiyoshi},
title = {Freqtric drums},
year = {2006},
isbn = {1595933646},
publisher = {Association for Computing Machinery},
address = {New York, NY, USA},
url = {https://doi.org/10.1145/1179133.1179146},
doi = {10.1145/1179133.1179146},
booktitle = {ACM SIGGRAPH 2006 Emerging Technologies},
pages = {12–es},
location = {Boston, Massachusetts},
series = {SIGGRAPH '06}
}